<?xml version="1.0" encoding="UTF-8"?><record xmlns="http://www.loc.gov/MARC21/slim" xmlns:cinclude="http://apache.org/cocoon/include/1.0" xmlns:zs="http://www.loc.gov/zing/srw/">
  <leader>01305cz  a2200217n  4500</leader>
  <controlfield tag="001">n  91054168 </controlfield>
  <controlfield tag="003">DLC</controlfield>
  <controlfield tag="005">20110224074828.0</controlfield>
  <controlfield tag="008">910531n| acannaab           |b ana      </controlfield>
  <datafield tag="010" ind1=" " ind2=" ">
    <subfield code="a">n  91054168 </subfield>
  </datafield>
  <datafield tag="040" ind1=" " ind2=" ">
    <subfield code="a">DLC</subfield>
    <subfield code="b">eng</subfield>
    <subfield code="c">DLC</subfield>
    <subfield code="d">DLC</subfield>
  </datafield>
  <datafield tag="110" ind1="2" ind2=" ">
    <subfield code="a">Agency Coordinating Body for Afghan Relief</subfield>
  </datafield>
  <datafield tag="410" ind1="2" ind2=" ">
    <subfield code="a">ACBAR</subfield>
  </datafield>
  <datafield tag="410" ind1="2" ind2=" ">
    <subfield code="a">A.C.B.A.R.</subfield>
  </datafield>
  <datafield tag="410" ind1="2" ind2=" ">
    <subfield code="a">Da Afghānāno da parah da Marsto da Insijām Idārah</subfield>
  </datafield>
  <datafield tag="410" ind1="2" ind2=" ">
    <subfield code="a">Idārah-i Hamāhangī-i Kumakʹhā barā-yi Afghānʹhā</subfield>
  </datafield>
  <datafield tag="410" ind1="2" ind2=" ">
    <subfield code="a">اداره هماهنگى کمک‌ها براى افغان‌ها</subfield>
  </datafield>
  <datafield tag="667" ind1=" " ind2=" ">
    <subfield code="a">Non-Latin script reference not evaluated</subfield>
  </datafield>
  <datafield tag="670" ind1=" " ind2=" ">
    <subfield code="a">Overview of NGO assistance to the people of Afghanistan, 1990:</subfield>
    <subfield code="b">t.p. verso (Agency Coordinating Body for Afghan Relief, ACBAR; consists of 58 non-governmental organizations, NGOs; created in Aug. 1988)</subfield>
  </datafield>
  <datafield tag="670" ind1=" " ind2=" ">
    <subfield code="a">Afghanistan pilot participatory poverty assessment (APPPA) summary report, 2008:</subfield>
    <subfield code="b">cover (Da Afghānāno da parah da Marsto da Insijām Idārah ; Idārah-i Hamāhangī-i Kumakʹhā barā-yi Afghānʹhā)</subfield>
  </datafield>
  <datafield tag="670" ind1=" " ind2=" ">
    <subfield code="a">Afghānistān bi-dūn-i faqr, 2007:</subfield>
    <subfield code="b">cover (Agency Coordinating Body for Afghan Relief = اداره هماهنگى کمک‌ها براى افغان‌ها = Idārah-i Hamāhangī-i Kumakʹhā barā-yi Afghānʹhā)</subfield>
  </datafield>
</record>